@inproceedings{a,
 author = {Houdaille, R{\'e}mi and Gouache, St{\'e}phane},
 title = {Shaping {HTTP} adaptive streams for a better user experience},
 booktitle = {Proceedings of the 3rd Multimedia Systems Conference},
 series = {MMSys '12},
 year = {2012},
 isbn = {978-1-4503-1131-1},
 location = {Chapel Hill, North Carolina},
 pages = {1-9},
 numpages = {9},
 acmid = {2155557},
 publisher = {ACM},
 address = {New York, NY, USA},
} 

@book{b,
 author = {Tanenbaum, Andrew S.},
 title = {Modern Operating Systems},
 year = {2007},
 isbn = {9780136006633},
 edition = {3rd},
 publisher = {Prentice Hall Press},
 address = {Upper Saddle River, NJ, USA},
} 


@article{c,
 author = {Alam, M. F. and Atiquzzaman, M. and Karim, M. A.},
 title = {Traffic shaping for {MPEG} video transmission over the next generation internet},
 journal = {Compututer Commununication},
 issue_date = {August, 2000},
 volume = {23},
 number = {14-15},
 month = aug,
 year = {2000},
 issn = {0140-3664},
 pages = {1336--1348},
 numpages = {13},
 acmid = {2294611},
 publisher = {Elsevier Science Publishers B. V.},
 address = {Amsterdam, The Netherlands, The Netherlands},
} 

@MISC{d,
    editor = {ITU-T},
    title = {Advanced Video Coding for Generic Audiovisual Services},
    year = {2009},
    note = {Recomendation {ITU-T} {H.264} and {ISO/IEC} 14496-10({MPEG-4 AVC})},
    month = {January},
}
